<?xml version="1.0" encoding="UTF-8"?><record xmlns="http://www.loc.gov/MARC21/slim" xmlns:cinclude="http://apache.org/cocoon/include/1.0" xmlns:zs="http://www.loc.gov/zing/srw/">
  <leader>00708nz  a2200145n  4500</leader>
  <controlfield tag="001">nr2002018800</controlfield>
  <controlfield tag="003">DLC</controlfield>
  <controlfield tag="005">20020522033120.0</controlfield>
  <controlfield tag="008">020514n| acannaabn          |n aaa     c</controlfield>
  <datafield tag="010" ind1=" " ind2=" ">
    <subfield code="a">nr2002018800</subfield>
  </datafield>
  <datafield tag="040" ind1=" " ind2=" ">
    <subfield code="a">NNFr</subfield>
    <subfield code="b">eng</subfield>
    <subfield code="c">NNFr</subfield>
  </datafield>
  <datafield tag="100" ind1="1" ind2=" ">
    <subfield code="a">Bilotti, Salvatore F.,</subfield>
    <subfield code="d">1879-1953</subfield>
  </datafield>
  <datafield tag="670" ind1=" " ind2=" ">
    <subfield code="a">Who was who in American art, 1564-1975, 1999</subfield>
    <subfield code="b">(Bilotti, Salvatore F.; sculptor; b. 1879, Cosenza, Italy; d. 1953, Summit, N.J.)</subfield>
  </datafield>
  <datafield tag="670" ind1=" " ind2=" ">
    <subfield code="a">Mantle Fielding's Dictionary of American painters, sculptors &amp; engravers, c1986</subfield>
    <subfield code="b">(Bilotti, Salvatore F.; sculptor; b. Cosenza, Italy, Feb. 3, 1879; d. 1953)</subfield>
  </datafield>
  <datafield tag="670" ind1=" " ind2=" ">
    <subfield code="a">Allgemeines KuĚnstlerlexikon, 1992-</subfield>
    <subfield code="b">(Bilotti, Salvatore F.; Italian sculptor; b. Feb. 3, 1879; d. Jan. 22, 1953)</subfield>
  </datafield>
</record>